#Created by Kbib version 0.6.5
#Last modified: Sat May  9 07:55:04 2009


@article{weiman,
	author = {C. Monroe and W. Swann and H. Robinson and C. Wieman},
	title = {Very cold trapped atoms in a vapor cell},
	journal = {Phys. Rev. Lett.},
	year = {1990},
	volume = {65},
	number = {13},
	pages = {1571--1574},
	month = {Sep},
	doi = {10.1103/PhysRevLett.65.1571},
	numpages = {3},
	publisher = {American Physical Society}
}

@article{weiman:cornell,
	author = {M.H. Anderson and J.R. Ensher and M.R. Matthews and C.E. Weiman and E.A. Cornell},
	title = {Observation of {B}ose-{E}instein {C}ondensation in a {D}ilute {A}tomic {V}apor},
	journal = {Science},
	year = {1995},
	volume = {269},
	pages = {198--201},
	month = jul,

}

@article{ketterle,
	author = {Wolfgang Ketterle and Kendall B. Davis and Michael A. Joffe and Alex Martin and David E. Pritchard},
	title = {High densities of cold atoms in a dark spontaneous-force optical trap},
	journal = {Phys. Rev. Lett.},
	year = {1993},
	volume = {70},
	number = {15},
	pages = {2253--2256},
	month = {Apr},
	doi = {10.1103/PhysRevLett.70.2253},
	numpages = {3},
	publisher = {American Physical Society}
}

@article{ketterle2,
	author = {K. B. Davis and M. -O. Mewes and M. R. Andrews and N. J. {van Druten} and D. S. Durfee and D. M. Kurn and W. Ketterle},
	title = {{B}ose-{E}instein {C}ondensation in a gas of {S}odium atoms},
	journal = {Phys. Rev. Lett.},
	year = {1995},
	volume = {75},
	number = {22},
	pages = {3969--3973},
	month = {Nov},
	doi = {10.1103/PhysRevLett.75.3969},
	numpages = {4},
	publisher = {American Physical Society}
}

@article{raizen,
	author = {C.-S. Chuu and F. Schreck and T. P. Meyrath and J. L. Hanssen and G. N. Price and M. G. Raizen},
	title = {Direct {O}bservation of {S}ub-{P}oissonian {N}umber {S}tatistics in a {D}egenerate {B}ose {G}as},
	journal = {Phys. Rev. Lett.},
	year = {2005},
	volume = {95},
	number = {26},
	pages = {260403},
	month = {Dec},
	doi = {10.1103/PhysRevLett.95.260403},
	numpages = {4},
	publisher = {American Physical Society}
}

@article{graham,
	author = {R. Graham and M. Schlautmann and P. Zoller},
	title = {Dynamical localization of atomic-beam deflection by a modulated standing light wave},
	journal = {Phys. Rev. A},
	year = {1992},
	volume = {45},
	number = {1},
	pages = {R19--R22},
	month = {Jan},
	doi = {10.1103/PhysRevA.45.R19},
	numpages = {3},
	publisher = {American Physical Society}
}

@article{Deutsch:Jessen,
	author = {Ivan H. Deutsch and Poul S. Jessen},
	title = {Quantum-state control in optical lattices},
	journal = {Phys. Rev. A},
	year = {1998},
	volume = {57},
	number = {3},
	pages = {1972--1986},
	month = {Mar},
	doi = {10.1103/PhysRevA.57.1972},
	numpages = {14},
	publisher = {American Physical Society}
}

@book{metcalf:vanderstraten,
	author = {H.J. Metcalf and P. {van der Straten}},
	title = {Laser {C}ooling and {T}rapping},
	publisher = {Springer Verlag},
	year = {1999},
	address = {New York},
	isbn = {0387987282}
}

@book{pethick:bec,
	author = {C.J. Pethick and H. Smith},
	title = {Bose-{E}instein {C}ondensation in {D}ilute {G}ases},
	publisher = {Cambridge University Press},
	year = {2002},
	isbn = {052184651X}
}

@book{reichl,
	author = {L.E. Reichl},
	title = {The {T}ransition to {C}haos: {C}onservative {C}lassical {S}ystems and {Q}uantum {M}anifestations},
	publisher = {Springer {V}erlag},
	year = {2004},
	address = {Berlin},
	edition = {2},
	chapter = {7}
}

@book{reichl-appendix,
	title = {Reichl, op.cit. P 471},

}

@article{stirap:hioe,
	author = {J. Oreg and F. T. Hioe and J. H. Eberly},
	title = {Adiabatic following in multilevel systems},
	journal = {Phys. Rev. A},
	year = {1984},
	volume = {29},
	number = {2},
	pages = {690--697},
	month = {Feb},
	doi = {10.1103/PhysRevA.29.690},
	numpages = {7},
	publisher = {American Physical Society}
}

@article{stirap:review,
	author = {Nikolay V. Vitanov and Thomas Halfmann and Bruce W. Shore and Klaas Bergmann},
	title = {LASER-INDUCED POPULATION TRANSFER BY ADIABATIC PASSAGE TECHNIQUES},
	journal = {Annu. Rev. Phys. Chem.},
	year = {2001},
	volume = {52},
	number = {763},

}

@article{diener,
	author = {Roberto B. Diener and Biao Wu and Mark G. Raizen and Qian Niu},
	title = {Quantum Tweezer for Atoms},
	journal = {Phys. Rev. Lett.},
	year = {2002},
	volume = {89},
	number = {7},
	pages = {070401},
	month = {Jul},
	doi = {10.1103/PhysRevLett.89.070401},
	numpages = {4},
	publisher = {American Physical Society}
}

@book{sakurai,
	author = {J.J. Sakurai},
	title = {Modern Quantum Mechanics},
	publisher = {Addison-Wesley},
	year = {1999},
	edition = {Revised},

}

@book{goodman,
	author = {Joseph W. Goodman},
	title = {Introduction to {F}ourier {O}ptics},
	publisher = {Roberts and Company},
	year = {2005},
	edition = {Third},

}

@book{bohr:sommerfeld,
	author = {Arnold Sommerfeld},
	title = {Atombau und {S}pektrallinien},
	publisher = {Friedrich Vieweg und Sohn, Braunschweig},
	year = {1919},

}

@book{terhaar,
	author = {D. {ter Haar}},
	title = {The {O}ld {Q}uantum {T}heory},
	publisher = {Pergamon Press},
	year = {1967},

}

@article{dudarev:entanglement,
	author = {Artem M. Dudarev and Roberto B. Diener and Biao Wu and Mark G. Raizen and Qian Niu},
	title = {Entanglement Generation and Multiparticle Interferometry with Neutral Atoms},
	journal = {Phys. Rev. Lett.},
	year = {2003},
	volume = {91},
	number = {1},
	pages = {010402},
	month = {Jul},
	doi = {10.1103/PhysRevLett.91.010402},
	numpages = {4},
	publisher = {American Physical Society}
}

@article{Dudarev:Raizen:Niu,
	author = {A. M. Dudarev and M. G. Raizen and Qian Niu},
	title = {Quantum {M}any-{B}ody {C}ulling: {P}roduction of a {D}efinite {N}umber of {G}round-{S}tate {A}toms in a {B}ose-{E}instein {C}ondensate},
	journal = {Physical Review Letters},
	year = {2007},
	volume = {98},
	number = {6},
	pages = {063001},
	url = {http://link.aps.org/abstract/PRL/v98/e063001},
	doi = {10.1103/PhysRevLett.98.063001},
	eid = {063001},
	numpages = {4},
	publisher = {APS}
}

@article{ketterle:aom,
	author = {Y. Shin and M. Saba and T. A. Pasquini and W. Ketterle and D. E. Pritchard and A. E. Leanhardt},
	title = {Atom {I}nterferometry with {B}ose-{E}instein {C}ondensates in a {D}ouble-{W}ell {P}otential},
	journal = {Phys. Rev. Lett.},
	year = {2004},
	volume = {92},
	number = {5},
	pages = {050405},
	month = {Feb},
	doi = {10.1103/PhysRevLett.92.050405},
	numpages = {4},
	publisher = {American Physical Society}
}

@article{andrews:science,
	author = {M. R. Andrews and C.G. Townsend and H.-J Meisner and D. S. Durfee and D.M. Kurn and W. Ketterle},
	title = {Observation of {I}nterference {B}etween {T}wo {B}ose {C}ondensates},
	journal = {Science},
	year = {1997},
	volume = {31},
	pages = {637--641},
	month = jan,

}

@article{mypaper,
	author = {Analabha Roy and L. E. Reichl},
	title = {Coherent {C}ontrol of {T}rapped {B}osons},
	journal = {Physical Review A (Atomic, Molecular, and Optical Physics)},
	year = {2008},
	volume = {77},
	number = {3},
	pages = {033418},
	keywords = {boson systems, chaos, quantum theory},
	url = {http://link.aps.org/abstract/PRA/v77/e033418},
	doi = {10.1103/PhysRevA.77.033418},
	eid = {033418},
	numpages = {14},
	publisher = {APS}
}

@article{na-reichl:pbox,
	author = {Kyungsun Na and L. E. Reichl},
	title = {Chaos-assisted adiabatic passage},
	journal = {Phys. Rev. A},
	year = {2004},
	volume = {70},
	number = {6},
	pages = {063405},
	month = {Dec},
	doi = {10.1103/PhysRevA.70.063405},
	numpages = {12},
	publisher = {American Physical Society}
}

@article{na-reichl:mol-rot,
	author = {Kyungsun Na and L. E. Reichl},
	title = {Chaos-assisted adiabatic passage of molecular rotation},
	journal = {Phys. Rev. A},
	year = {2005},
	volume = {72},
	number = {1},
	pages = {013402},
	month = {Jul},
	doi = {10.1103/PhysRevA.72.013402},
	numpages = {10},
	publisher = {American Physical Society}
}

@article{holder-reichl:avoidedcross,
	author = {Benjamin P. Holder and Linda E. Reichl},
	title = {Avoided crossings in driven systems},
	journal = {Phys. Rev. A},
	year = {2005},
	volume = {72},
	number = {4},
	pages = {043408},
	month = {Oct},
	doi = {10.1103/PhysRevA.72.043408},
	numpages = {15},
	publisher = {American Physical Society}
}

@article{na-reichl:isomer,
	author = {Kyungsun Na and Christof Jung and L. E. Reichl},
	title = {Dynamics of radiation induced isomerization for HCN--CNH},
	journal = {The Journal of Chemical Physics},
	year = {2006},
	volume = {125},
	number = {3},
	pages = {034301},
	keywords = {hydrogen compounds, reaction kinetics theory, photochemistry, isomerisation, energy level crossing},
	url = {http://link.aip.org/link/?JCP/125/034301/1},
	doi = {10.1063/1.2216704},
	eid = {034301},
	numpages = {11},
	publisher = {AIP}
}

@article{olshanii:1d,
	author = {M. Olshanii},
	title = {Atomic {S}cattering in the {P}resence of an {E}xternal {C}onfinement and a {G}as of {I}mpenetrable {B}osons},
	journal = {Phys. Rev. Lett.},
	year = {1998},
	volume = {81},
	number = {5},
	pages = {938--941},
	month = {Aug},
	doi = {10.1103/PhysRevLett.81.938},
	numpages = {3},
	publisher = {American Physical Society}
}

@article{petrov:1d,
	author = {D. S. Petrov and G. V. Shlyapnikov and J. T. M. Walraven},
	title = {Regimes of {Q}uantum {D}egeneracy in {T}rapped 1{D} {G}ases},
	journal = {Phys. Rev. Lett.},
	year = {2000},
	volume = {85},
	number = {18},
	pages = {3745--3749},
	month = {Oct},
	doi = {10.1103/PhysRevLett.85.3745},
	numpages = {4},
	publisher = {American Physical Society}
}

@article{rkutta:pd,
	author = {J.R. Dormand and P.J. Prince},
	title = {A family of embedded Runge-Kutta formulae},
	journal = {J. Comp. Appl. Math.},
	year = {1980},
	volume = {6},
	number = {1},
	pages = {19--26},
	month = mar,

}

@book{galassi:gsl,
	author = {Mark Galassi and Jim Davies and J. Theiler and B. Gough and G. Jungman and M. Booth and F. Rossi},
	title = {{G}{N}{U} {S}cientific {L}ibrary {R}eference {M}anual - {S}econd {E}dition},
	publisher = {Network Theory Ltd.},
	year = {2003},
	note = {Also available online at \url{http://www.gnu.org/software/gsl/manual/}},

}

@article{feshbach:resonance,
	author = {H. Feshbach},
	journal = {Ann. Phys.},
	year = {1962},
	volume = {19},
	number = {287},

}

@article{wigner,
	author = {E. Wigner},
	title = {On the {Q}uantum {C}orrection For {T}hermodynamic {E}quilibrium},
	journal = {Phys. Rev.},
	year = {1932},
	volume = {40},
	number = {5},
	pages = {749--759},
	month = {Jun},
	doi = {10.1103/PhysRev.40.749},
	numpages = {10},
	publisher = {American Physical Society}
}

@article{husimi,
	author = {K. Husimi},
	journal = {Proc. Phys. Math. Soc. Jpn.},
	year = {1940},
	volume = {22},
	number = {248},

}

@article{novaes,
	author = {M. Novaes},
	title = {Wigner and {H}usimi functions in the double-well potential.},
	journal = {J. Opt. B:Quantum Semiclass},
	year = {2003},
	volume = {5},
	number = {S342},

}

@manual{ibm:essl,
	title = {Parallel {E}ngineering and {S}cientific {S}ubroutine {L}ibrary {G}uide and {R}eference},
	author = {Document Number GC23-3836-00},
	note = {Also available online at \url{http://citeseer.ist.psu.edu/67802.html}},
	url = {http://citeseer.ist.psu.edu/67802.html},

}

@article{berry:base,
	author = {M.V. Berry},
	journal = {Proc. R. Soc London, Ser. A},
	year = {1990},
	volume = {429},
	number = {61},

}

@article{landau:lzformula,
	author = {L. Landau},
	journal = {Physics of the Soviet Union},
	year = {1932},
	volume = {2},
	pages = {46--51},

}

@article{zener:lzformula,
	author = {G. Zener},
	journal = {Proc. R. Soc. London Ser. A},
	year = {1932},
	volume = {137},
	number = {696},

}

@article{tonks:gas,
	author = {Belen Paredes and Artur Widera and Valentin Murg and Olaf Mandel and Simon Folling and Ignacio Cirac and Gora V. Shlyapnikov and Theodor W. Hansch and Immanuel Bloch},
	journal = {Nature},
	year = {2004},
	volume = {429},
	number = {6989},
	pages = {277--281},
	url = {http://dx.doi.org/10.1038/nature02530},
	doi = {10.1038/nature02530},

}

@article{Grondalski:etal,
	author = {John Grondalski and Paul Alsing and Ivan Deutsch},
	title = {Spatial correlation diagnostics for atoms in optical lattices},
	journal = {Opt. Express},
	year = {1999},
	volume = {5},
	number = {11},
	pages = {249--261},
	keywords = {Atomic and molecular physics, Coherence and statistical optics, Imaging systems, Laser cooling},
	url = {http://www.opticsexpress.org/abstract.cfm?URI=oe-5-11-249},
	publisher = {OSA}
}

@article{fluorescense,
	author = {Paul D. Lett and Richard N. Watts and Christoph I. Westbrook and William D. Phillips and Phillip L. Gould and Harold J. Metcalf},
	title = {Observation of {A}toms {L}aser {C}ooled below the {D}oppler {L}imit},
	journal = {Phys. Rev. Lett.},
	year = {1988},
	volume = {61},
	number = {2},
	pages = {169--172},
	month = {Jul},
	doi = {10.1103/PhysRevLett.61.169},
	numpages = {3},
	publisher = {American Physical Society}
}

@misc{fluorescense:web,
	author = {Georg Raithel},
	title = {More about optical lattices},
	howpublished = {Available as \url{http://cold-atoms.physics.lsa.umich.edu/projects/lattice/latticeindex.html}},
	url = {http://cold-atoms.physics.lsa.umich.edu/projects/lattice/latticeindex.html},
	address = {graithel@umich.edu},
	institution = {University of Michigan},
	location = {Ann Arbor, MI},
	publisher = {Raithel Group web site},
	school = {Department of Physics}
}

@article{von-Neumann:Wigner,
	author = {J. {von Neumann} and E. Wigner},
	journal = {Phys. Z.},
	year = {1929},
	volume = {30},
	number = {465},

}

@misc{holder:reichl:2res,
	author = {Benjamin P. Holder and Linda E. Reichl},
	title = {STIRAP-like transitions in a harmonically-modulated optical lattice},
	howpublished = {Can be viewed at \url{http://arxiv.org/abs/quant-ph/0702232}},
	month = {Feb},
	year = {2007},

}

@book{abramowitz:stegun,
	author = {Milton Abramowitz and Irene A. Stegun},
	title = {Handbook of {M}athematical {F}unctions with {F}ormulas, {G}raphs, and {M}athematical {T}ables},
	publisher = {Dover},
	year = 1964,
	address = {New York},
	edition = {ninth Dover printing, tenth GPO printing},
	isbn = {0-486-61272-4}
}

@article{steck,
	author = {Daniel A. Steck and Windell H. Oskay and Mark G. Raizen},
	title = {Observation of {C}haos-{A}ssisted {T}unneling {B}etween {I}slands of {S}tability},
	journal = {Science},
	year = {2001},
	volume = {293},
	pages = {274--278},
	month = jul,

}

@article{luter:reichl:3res,
	author = {Robert Luter and L. E. Reichl},
	title = {Floquet analysis of atom-optics tunneling experiments},
	journal = {Phys. Rev. A},
	year = {2002},
	volume = {66},
	number = {5},
	pages = {053615},
	month = {Nov},
	doi = {10.1103/PhysRevA.66.053615},
	numpages = {5},
	publisher = {American Physical Society}
}

@manual{slepc,
	title = {{S}{L}{E}{P}c {U}sers {M}anual, {S}calable {L}ibrary for {E}igenvalue {P}roblem {C}omputations},
	author = {Vicente Hernandez and Jose Roman and Eloy Romero and Andres Tomas and Vicent Vidal},
	organization = {Departmento de Sistemas Informaticos y Computacion},
	address = {Valencia, Spain},
	month = feb,
	year = {2009},
	note = {Also available online at \url{http://www.grycap.upv.es/slepc}},
	url = {http://www.grycap.upv.es/slepc},
	howpublished = {Online},
	institution = {Universidad Politecnica de Valencia}
}

@misc{rbdata,
	author = {Daniel A. Steck},
	title = {Rubudium 85 {D} {L}ine {D}ata},
	howpublished = {Available as \url{http://steck.us/alkalidata}},
	month = sep,
	year = {2008},
	url = {http://steck.us/alkalidata},
	institution = {University of Oregon},
	location = {Eugene, Oregon},
	notes = {available online at http://steck.us/alkalidata},
	school = {Department of Physics}
}

@book{encyclopedia:laser,
	author = {R{\"u}diger Paschotta},
	title = {Encyclopedia of {L}aser {P}hysics and {T}echnology},
	publisher = {Wiley-VCH},
	year = {2008},
	month = oct,
	howpublished = {Available as \url{http://www.rp-photonics.com/encyclopedia.html}},
	isbn = {3-527-40828-2}
}

@book{jackson,
	author = {John David Jackson},
	title = {Classical {E}lectrodynamics},
	publisher = {John Wiley and Sons},
	year = {1998},
	isbn = {{0-471-30932-X}}
}

@article{doublewell:chip,
	author = {Schumm and T. and Kruger and P. and Hofferberth and S. and Lesanovsky and I. and Wildermuth and S. and Groth and S. and Bar-Joseph and I. and Andersson and L. and Schmiedmayer and J.},
	title = {A {D}ouble {W}ell {I}nterferometer on an {A}tom {C}hip},
	journal = {Quantum Information Processing},
	year = {2006},
	volume = {5},
	number = {6},
	pages = {537--558},
	month = {December},
	url = {http://dx.doi.org/10.1007/s11128-006-0033-2},
	doi = {10.1007/s11128-006-0033-2},
	issn = {1570-0755},
	posted-at = {2007-01-11 08:44:14},
	publisher = {Springer}
}

@article{lesanovsky:maghamilt,
	author = {I. Lesanovsky and T. Schumm and S. Hofferberth and L. M. Andersson and P. Kr{\"u}ger and J. Schmiedmayer},
	title = {Adiabatic radio-frequency potentials for the coherent manipulation of matter waves},
	journal = {Physical Review A (Atomic, Molecular, and Optical Physics)},
	year = {2006},
	volume = {73},
	number = {3},
	pages = {033619},
	keywords = {atom optics, Mach-Zehnder interferometers, Sagnac interferometers, optical elements, radiation pressure},
	url = {http://link.aps.org/abstract/PRA/v73/e033619},
	doi = {10.1103/PhysRevA.73.033619},
	eid = {033619},
	numpages = {5},
	publisher = {APS}
}

@article{doublewell:chip:nature,
	author = {T. Schumm and S. Hofferberth and L. M. Andersson and S. Wildermuth and S. Groth and I. Bar-Joseph and J. Schmiedmayer and P. Kruger},
	journal = {Nature Physics},
	year = {2005},
	volume = {1},
	number = {1},
	pages = {57--62},
	url = {http://dx.doi.org/10.1038/nphys125},
	doi = {10.1038/nphys125},
	howpublished = {Also available as \url{http://dx.doi.org/10.1038/nphys125}}
}

@article{magpot,
	author = {O. Zobay and B. M. Garraway},
	title = {Two-{D}imensional {A}tom {T}rapping in {F}ield-{I}nduced {A}diabatic {P}otentials},
	journal = {Phys. Rev. Lett.},
	year = {2001},
	volume = {86},
	number = {7},
	pages = {1195--1198},
	month = {Feb},
	doi = {10.1103/PhysRevLett.86.1195},
	numpages = {3},
	publisher = {American Physical Society}
}

@article{oplattice:bloch,
	author = {Immanuel Bloch},
	journal = {Nature Physics},
	year = {2005},
	volume = {1},
	number = {1},
	pages = {23--30},
	url = {http://dx.doi.org/10.1038/nphys138},
	doi = {10.1038/nphys138},

}

@article{raizen:oplattice,
	author = {F. L. Moore and J. C. Robinson and C. Bharucha and P. E. Williams and M. G. Raizen},
	title = {Observation of {D}ynamical {L}ocalization in {A}tomic {M}omentum {T}ransfer: {A} {N}ew {T}esting {G}round for {Q}uantum {C}haos},
	journal = {Phys. Rev. Lett.},
	year = {1994},
	volume = {73},
	number = {22},
	pages = {2974--2977},
	month = {Nov},
	doi = {10.1103/PhysRevLett.73.2974},
	numpages = {3},
	publisher = {American Physical Society}
}

@article{oplattice:oldtheory,
	author = {A. F. Bernhardt and B. W. Shore},
	title = {Coherent atomic deflection by resonant standing waves},
	journal = {Phys. Rev. A},
	year = {1981},
	volume = {23},
	number = {3},
	pages = {1290--1301},
	month = {Mar},
	doi = {10.1103/PhysRevA.23.1290},
	numpages = {11},
	publisher = {American Physical Society}
}

@article{oplattice:oldtheory2,
	author = {E.M. Wright and P. Meystre},
	title = {Theory of an atomic interferometer in the Raman-Nath regime},
	journal = {Optics Communications},
	year = {1990},
	volume = {75},
	number = {5-6},
	pages = {388--396},
	url = {http://www.sciencedirect.com/science/article/B6TVF-46FR275-11R/2/d98522c41c199346ccfc777d908c970f},
	doi = {DOI: 10.1016/0030-4018(90)90201-4},
	issn = {0030-4018}
}

@article{oplattice:oldexpt,
	author = {Phillip L. Gould and George A. Ruff and David E. Pritchard},
	title = {Diffraction of atoms by light: The near-resonant {K}apitza-{D}irac effect},
	journal = {Phys. Rev. Lett.},
	year = {1986},
	volume = {56},
	number = {8},
	pages = {827--830},
	month = {Feb},
	doi = {10.1103/PhysRevLett.56.827},
	numpages = {3},
	publisher = {American Physical Society}
}

@article{oplattice:oldexpt2,
	author = {C. Salomon and J. Dalibard and A. Aspect and H. Metcalf and C. Cohen-Tannoudji},
	title = {Channeling atoms in a laser standing wave},
	journal = {Phys. Rev. Lett.},
	year = {1987},
	volume = {59},
	number = {15},
	pages = {1659--1662},
	month = {Oct},
	doi = {10.1103/PhysRevLett.59.1659},
	numpages = {3},
	publisher = {American Physical Society}
}

@article{sfmi:theory,
	author = {D. Jaksch and C. Bruder and J. I. Cirac and C. W. Gardiner and P. Zoller},
	title = {Cold {B}osonic {A}toms in {O}ptical {L}attices},
	journal = {Phys. Rev. Lett.},
	year = {1998},
	volume = {81},
	number = {15},
	pages = {3108--3111},
	month = {Oct},
	doi = {10.1103/PhysRevLett.81.3108},
	numpages = {3},
	publisher = {American Physical Society}
}

@article{sfmi:expt,
	author = {Markus Greiner and Olaf Mandel and Tilman Esslinger and Theodor W. Hansch and Immanuel Bloch},
	journal = {Nature},
	year = {2002},
	volume = {415},
	number = {6867},
	pages = {39--44},
	doi = {10.1038/415039a},

}

@article{stirap:experiment,
	author = {U. Gaubatz and P. Rudecki and M. Becker and S. Schiemann and M. Kulz and K. Bergmann},
	title = {Population {S}witching {B}etween {V}ibrational {L}evels in {M}olecular {B}eams},
	journal = {Chem Phys Lett},
	year = {1998},
	volume = {149},
	pages = {463--468},

}

@article{stirap:seminal,
	author = {M. Becker and U. Gaubatz and P.L. Jones and K. Bergmann},
	title = {Efficient and {S}elective {P}opulation of {H}igh {V}ibrational {L}evels by {N}ear {R}esonance {R}aman {S}cattering},
	journal = {J. Chem Phys},
	year = {1987},
	volume = {87},
	number = {5064-5076},

}

@article{stirap:molecular,
	author = {H.-G Rubahn and E. Konz and S. Schiemann and K. Bergmann},
	title = {Alignment of {E}lectronic {A}ngular {M}omentum by {S}timulated {R}aman {S}cattering with {D}elayed {P}ulses},
	journal = {Z. Phys.},
	year = {1991},
	volume = {D22},
	number = {401-406},

}

@article{arnold:proofkam,
	author = {V.I. Arnol'd},
	journal = {Russ. Math. Survey},
	year = {1963},
	volume = {18},
	number = {9},

}

@article{kolmogorov:proofkam,
	author = {A.N. Kolmogorov},
	title = {On the observation of quasiperiodic motions under small perturbations of the Hamiltonian},
	journal = {Dokl. Akad. Nauk. SSSR},
	year = {1954},
	volume = {98},
	pages = {527--530},

}

@article{moser:proofkam,
	author = {J. Moser},
	title = {On invariant curves of area-preserving mappings of an annulus},
	journal = {Nach. Akad. Wiss. Gott., II, Math. Phys.},
	year = {1962},
	volume = {K1},
	pages = {1--20},

}

@article{MacKay,
	author = {R. S. MacKay and J. D. Meiss and I. C. Percival},
	title = {{Transport in {H}amiltonian systems }},
	journal = {Physica D: Nonlinear Phenomena},
	year = {1984},
	volume = {13},
	number = {1-2},
	pages = {55--81},

}

@article{Born1928:adiabaticthm,
	author = {M. Born and V. Fock},
	title = {{B}eweis des {A}diabatensatzes},
	journal = {Zeitschrift f{\"u}r Physik A},
	year = {1928},
	volume = {51},
	number = {3},
	pages = {165--180},
	keywords = {old},
	url = {http://www.springerlink.com/content/m4x427124n456704},
	citeulike-article-id = {3390353},
	posted-at = {2008-10-09 14:03:18},
	priority = {0}
}

@article{kato:adiabaticthm,
	author = {Tosio Kato},
	title = {On the {A}diabatic {T}heorem of {Q}uantum {M}echanics},
	journal = {Journal of the Physical Society of Japan},
	year = {1950},
	volume = {5},
	number = {6},
	pages = {435--439},
	url = {http://jpsj.ipap.jp/link?JPSJ/5/435/},
	doi = {10.1143/JPSJ.5.435},
	numpages = {4},
	publisher = {The Physical Society of Japan}
}

@article{wittig:lzformula,
	author = {Curt Wittig},
	title = {The {L}andau-{Z}ener {F}ormula},
	journal = {The Journal of Physical Chemistry B},
	year = {2005},
	volume = {109},
	number = {17},
	pages = {8428--8430},
	url = {http://pubs.acs.org/doi/abs/10.1021/jp040627u},
	doi = {10.1021/jp040627u},
	eprint = {http://pubs.acs.org/doi/pdf/10.1021/jp040627u}
}

@book{arfken,
	author = {G B Arfken and H J Weber},
	title = {Mathematical {M}ethods for {P}hysicists},
	publisher = {Harcourt Academic Press},
	year = {2001},
	edition = {5th},
	date-modified = {2008-05-30 03:00:59 -0700},
	pages = {1200}
}

@article{vonneumann:wigner,
	author = {J {von Neumann} and E Wigner},
	journal = {Z. Phys.},
	year = {1929},
	volume = {30},
	pages = {467},
	note = {L. D. Landau and E. Lifshitz, {\it Quantum Mechanics: Non-Relativistic Theory} (Pergamon Press, Oxford, 1977)},

}

@article{Pritchard:trapgradients,
	author = {David E. Pritchard},
	title = {Cooling {N}eutral {A}toms in a {M}agnetic {T}rap for {P}recision {S}pectroscopy},
	journal = {Phys. Rev. Lett.},
	year = {1983},
	volume = {51},
	number = {15},
	pages = {1336--1339},
	month = {Oct},
	doi = {10.1103/PhysRevLett.51.1336},
	numpages = {3},
	publisher = {American Physical Society}
}

@phdthesis{holder:thesis,
	author = {Benjamin P. Holder},
	title = {Coherent control of cold atoms in a[n] optical lattice},
	school = {Graduate School of the University of Texas at Austin},
	year = {2007},
	month = {May},

}

@misc{technion:oplattice-culling,
	author = {Itah, A.  and Veksler, H.  and Lahav, O.  and Blumkin, A.  and Moreno, C.  and Gordon, C.  and Steinhauer, J.},
	title = {Direct observation of number squeezing in an optical lattice},
	howpublished = {Can be viewed at \url{http://arxiv.org/abs/0903.3282}},
	month = {Mar},
	year = {2009},
	eprint = {0903.3282}
}

@article{Floquet1883,
	author = {Gaston Floquet},
	title = {Sur les \'{e}quations diff\'{e}rentielles lin\'{e}aires \`{a} coefficients p\'{e}riodiques},
	journal = {Ann. \'{E}cole Norm. Sup.},
	year = 1883,
	volume = {12},
	pages = {47-88},
	note = {Also available online as \url{http://archive.numdam.org/ARCHIVE/ASENS/ASENS_1883_2_12_/ASENS_1883_2_12__47_0/ASENS_1883_2_12__47_0.pdf}},

}

@article{stirap:theory,
	author = {Kuklinski, J. R. and Gaubatz, U. and Hioe, F. T. and Bergmann, K.},
	title = {Adiabatic population transfer in a three-level system driven by delayed laser pulses},
	journal = {Phys. Rev. A},
	year = 1989,
	volume = {40},
	number = 11,
	pages = {6741--6744},
	month = {Dec},
	doi = {10.1103/PhysRevA.40.6741},
	numpages = {3},
	publisher = {American Physical Society}
}

@article{hioe:rwa:stirap,
	author = {Hioe, F. T.},
	title = {Linear and nonlinear constants of motion for two-photon processes in three-level systems},
	journal = {Phys. Rev. A},
	year = 1984,
	volume = {29},
	number = 6,
	pages = {3434--3436},
	month = {Jun},
	doi = {10.1103/PhysRevA.29.3434},
	numpages = {2},
	publisher = {American Physical Society}
}

@article{drndic:higrad,
	author = {M. Drndic and K. S. Johnson and J. H. Thywissen and M. Prentiss and R. M. Westervelt},
	title = {Micro-electromagnets for atom manipulation},
	journal = {Applied Physics Letters},
	year = 1998,
	volume = {72},
	number = 22,
	pages = {2906-2908},
	keywords = {gold; electromagnets; magnetic mirrors; electroplated coatings; lithography; particle optics; current density; beam handling techniques},
	url = {http://link.aip.org/link/?APL/72/2906/1},
	doi = {10.1063/1.121455},
	publisher = {AIP}
}

@article{lev:highgrad,
	author = {Benjamin Lev and Kartik Srinivasan and Paul Barclay and Oskar Painter and Hideo Mabuchi},
	title = {Feasibility of detecting single atoms using photonic bandgap cavities},
	journal = {Nanotechnology},
	year = 2004,
	volume = {15},
	number = 10,
	pages = {S556-S561},

}

@article{Hillery:qdf,
	author = {M. Hillery and R. F. O'Connell and M. O. Scully and E. P. Wigner},
	title = {Distribution functions in physics: {F}undamentals},
	journal = {Physics Reports},
	year = 1984,
	volume = {106},
	number = 3,
	pages = {121 - 167},
	url = {http://www.sciencedirect.com/science/article/B6TVP-46SXP73-39/2/82306502e3cc979fb91d2f61f969f239},
	doi = {DOI: 10.1016/0370-1573(84)90160-1},
	issn = {0370-1573}
}

@article{latka:avoidedcrossings:chaos,
	author = {Latka, Miroslaw  and Grigolini, Paolo  and West, Bruce J.},
	title = {Chaos-induced avoided level crossing and tunneling},
	journal = {Phys. Rev. A},
	year = {1994},
	volume = {50},
	number = {2},
	pages = {1071--1081},
	month = {Aug},
	doi = {10.1103/PhysRevA.50.1071},
	numpages = {10},
	publisher = {American Physical Society}
}

@article{rb:dipole,
	author = {Huang Xiang-You and You Pei-Lin},
	title = {Permanent {E}lectric {D}ipole {M}oment of an {R}b {A}tom},
	journal = {Chinese Physics Letters},
	year = {2002},
	volume = {19},
	number = {8},
	pages = {1038-1040},
	url = {http://stacks.iop.org/0256-307X/19/1038},
	abstract = {We experimentally determine the conjecture that hydrogen-like atoms such as Rb and Cs may have large permanent electric dipole moments (EDMs). The saturated Rb vapour fills a cylindrical capacitor in the experiment. The influence of the vapour dielectric medium on capacitance is measured with a digital capacitance meter. Supposing that the measurement influence comes from the permanent EDMs of Rb atoms, from the experimental result we find that the EDM is large, i.e. dRb[?] 8.6ex10-9 cm.},

}

@article{rb:dipole:more,
  author={Huang Xiang-You and You Pei-Lin and Du Wei-Min},
  title={The experiment on the saturation polarization of {R}b vapour},
  journal={Chinese Physics},
  volume={13},
  number={1},
  pages={11-13},
  url={http://stacks.iop.org/1009-1963/13/11},
  year={2004},
  abstract={A cylindrical capacitor containing rubidium vapour is made. The capacitance of it at different voltages is measured under a certain Rb vapour pressure. The experimental C-V curve shows that the saturation polarization of Rb vapour is easily observed. The experiment further supports the idea that the Rb atom has a large permanent electric dipole moment.}
}


@article{rb:dipole:disputed,
	author = {Zhu Zhen-He},
	title = {Comment on '{P}ermanent {E}lectric {D}ipole {M}oment of an {R}b {A}tom''},
	journal = {Chinese Physics Letters},
	year = {2003},
	volume = {20},
	number = {7},
	pages = {1187},
	url = {http://stacks.iop.org/0256-307X/20/1187},
	abstract = {It is stated that the conjecture that the hydrogen-like atoms may have large permanent electric dipole moments is doubtable. Two kinds of experiments are suggested to check the reliability of the conjecture further.},

}

@article{rb:dipole:reply2dispute,
	author = {Huang Xiang-You and You Pei-Lin},
	title = {Reply to {C}omment on '{P}ermanent {E}lectric {D}ipole {M}oment of an {R}b {A}tom''},
	journal = {Chinese Physics Letters},
	year = {2003},
	volume = {20},
	number = {7},
	pages = {1188},
	url = {http://stacks.iop.org/0256-307X/20/1188},
	abstract = {The result of our experiment on Rb atoms is interesting and surprising. To affirm or to refuse the result should not be by conjectures but by experiments.},
}

@article{murphy:similartomine,
author = {D. S. Murphy and J. F. McCann},
collaboration = {},
title = {Low-energy excitations of a boson pair in a double-well trap},
publisher = {APS},
year = {2008},
journal = {Physical Review A (Atomic, Molecular, and Optical Physics)},
volume = {77},
number = {6},
eid = {063413},
numpages = {14},
pages = {063413},
keywords = {atom-photon collisions; boson systems; excited states; ground states; quantum entanglement; quantum optics; radiation pressure; wave functions},
url = {http://link.aps.org/abstract/PRA/v77/e063413},
doi = {10.1103/PhysRevA.77.063413}
}
