@comment{x-kbibtex-personnameformatting=<%l><, %f>}

@book{fractal1,
	address = "New York",
	author = "Gunton, J.D. and Miguel, M. San and Sahni, P.S.",
	editor = "Domb, C. and Liebowitz, J.L.",
	number = "267",
	publisher = "Academic Press",
	title = "{Phase Transitions and Critical Phenomena}",
	volume = "8",
	year = "1983"
}

@article{fractal2,
	author = "Furukawa, H.",
	journal = "Adv. Phys.",
	pages = "703",
	volume = "6",
	year = "1985"
}

@book{fractal3,
	address = "Cambridge",
	author = "Langer, J.",
	editor = "Godr'eche, C.",
	publisher = "Cambridge University Press",
	title = "{Solids Far from Equilibrium}",
	year = "1992"
}

@article{dynscal,
	author = "Halperin, B.I. and Hohenberg, P.C.",
	journal = "Phys. Rev.",
	number = "267",
	pages = "952",
	volume = "177",
	year = "1969"
}

@article{gll:review,
	author = "Lakshmanan, M.",
	journal = "Phil. Trans. R. Soc. A",
	number = "1939",
	pages = "1280--1300",
	volume = "369",
	year = "2011"
}

@article{laxmanan:xxxy1,
	author = "Lakshmanan, M. and Saxena, A.",
	journal = "Physica D",
	pages = "885--897",
	volume = "237",
	year = "2008"
}

@article{laxmanan:xxxy2,
	author = "Roberts, J. A. G. and Thompson, C.J.",
	journal = "J. Phys. A",
	pages = "1769--1780",
	volume = "21",
	year = "1988"
}

@article{sinegordon1,
	author = "Daniel, M. and Kavitha, L.",
	journal = "Phys. Rev. B",
	pages = "184433",
	volume = "66",
	year = "2002"
}

@article{sinegordon2,
	author = "Mikeska, H.J. and Steiner, M.",
	journal = "Adv. Phys.",
	number = "3",
	pages = "191--356",
	volume = "40",
	year = "1991"
}

@article{lax13,
	author = "Grollier, J. and Cros, V. and Fert, A.",
	issue = "6",
	journal = "Phys. Rev. B",
	month = "Feb",
	numpages = "4",
	pages = "060409",
	publisher = "American Physical Society",
	volume = "73",
	year = "2006"
}

@article{lax14,
	author = "Bazaliy, Ya. B. and Jones, B. A. and Zhang, Shou-Cheng",
	issue = "9",
	journal = "Phys. Rev. B",
	month = "Mar",
	numpages = "19",
	pages = "094421",
	publisher = "American Physical Society",
	volume = "69",
	year = "2004"
}

@article{thermalization,
	author = "Rigol, M. and Dunjko, V. and Olshanii, M.",
	journal = "Nature",
	pages = "854",
	volume = "452",
	year = "2008"
}

@article{krishrev,
	author = "Polkovnikov, A. and Sengupta, K. and Silva, A. and Vengalattore, M.",
	journal = "Rev. Mod. Phys.",
	pages = "863",
	volume = "83",
	year = "2011"
}

@article{bikashbabu,
	archiveprefix = "arXiv",
	author = "Dutta, A. and Divakaran, U. and Sen, D. and Chakrabarti, B.K. and Rosenbaum, T.F. and G., Aeppli",
	date = "2010-12-03",
	eprint = "1012.0653",
	eprinttype = "arxiv",
	year = "2010"
}

@article{colrev,
	author = "Roy, Analabha",
	journal = "Eur. Phys. J. Plus",
	language = "English",
	number = "3",
	pages = "34",
	publisher = "Springer Berlin Heidelberg",
	volume = "127",
	year = "2012"
}

@article{ncnsd2012,
	author = "Roy, Analabha",
	issn = "1951-6355",
	journal = "Eur. Phys. J. ST",
	language = "English",
	number = "3-4",
	pages = "975--993",
	publisher = "Springer Berlin Heidelberg",
	volume = "222",
	year = "2013"
}

@article{arrachea,
	author = "Arrachea, Liliana and Lozano, Gustavo S. and Aligia, A. A.",
	issue = "1",
	journal = "Phys. Rev. B",
	month = "Jul",
	numpages = "9",
	pages = "014425",
	publisher = "American Physical Society",
	volume = "80",
	year = "2009"
}

@book{rammer,
	address = "Cambridge",
	author = "Rammer, J.",
	publisher = "Cambridge University Press",
	title = "{Quantum field theory of Non-equilibrium States}",
	year = 2007
}

@article{openspin,
	author = "Michel, Mathias and Hess, Ortwin and Wichterich, Hannu and Gemmer, Jochen",
	issue = "10",
	journal = "Phys. Rev. B",
	month = "Mar",
	numpages = "10",
	pages = "104303",
	publisher = "American Physical Society",
	volume = "77",
	year = "2008"
}

@article{lindblad1,
	author = "Kossakowski, A.",
	issn = "0034-4877",
	journal = "Reports on Mathematical Physics",
	number = "4",
	pages = "247--274",
	volume = "3",
	year = "1972"
}

@article{lindblad2,
	author = "Lindblad, G.",
	issn = "0010-3616",
	journal = "Communications in Mathematical Physics",
	language = "English",
	number = "2",
	pages = "119--130",
	publisher = "Springer-Verlag",
	volume = "48",
	year = "1976"
}

@article{relaxation,
	author = "Zurek, Wojciech H. and Dorner, Uwe and Zoller, Peter",
	issue = "10",
	journal = "Phys. Rev. Lett.",
	month = "Sep",
	numpages = "4",
	pages = "105701",
	publisher = "American Physical Society",
	volume = "95",
	year = "2005"
}

@article{glassy,
	author = "Cugliandolo, L. F. and Kurchan, J.",
	issue = "1",
	journal = "Phys. Rev. Lett.",
	month = "Jul",
	numpages = "0",
	pages = "173--176",
	publisher = "American Physical Society",
	volume = "71",
	year = "1993"
}

@article{thermopen,
	author = "Caso, A. and Arrachea, L. and Lozano, G.S.",
	eid = "266",
	issn = "1434-6028",
	journal = "Eur. Phys. J. B",
	keywords = "Mesoscopic and Nanoscale Systems",
	language = "English",
	number = "8",
	publisher = "Springer-Verlag",
	volume = "85",
	year = "2012"
}

@article{Cukupe,
	author = "Cugliandolo, Leticia F. and Kurchan, Jorge and Peliti, Luca",
	issue = "4",
	journal = "Phys. Rev. E",
	month = "Apr",
	numpages = "0",
	pages = "3898--3914",
	publisher = "American Physical Society",
	volume = "55",
	year = "1997"
}

@article{Focuga,
	author = "Foini, Laura and Cugliandolo, Leticia F. and Gambassi, Andrea",
	issue = "21",
	journal = "Phys. Rev. B",
	month = "Dec",
	numpages = "4",
	pages = "212404",
	publisher = "American Physical Society",
	volume = "84",
	year = "2011"
}

@article{gorkov,
	author = "Gorkov, L.P. and Eliashberg, G.M.",
	journal = "Sov. Phys. JETP",
	pages = "328",
	volume = "27",
	year = "1968"
}

@article{volkov,
	author = "Volkov, A.F. and Kogan, Sh.M.",
	journal = "Sov. Phys. JETP",
	number = "5",
	pages = "1018",
	volume = "38",
	year = "1974"
}

@book{imry,
	author = "Imry, Y.",
	publisher = "Oxford University Press",
	title = "{Introduction to Mesoscopic Physics}",
	year = "1997"
}

@article{Bocukume,
	author = "Bouchaud, J-P and Cugliandolo, L.F. and Kurchan, J. and M{\'e}zard, M.",
	journal = "Physica A",
	number = "3-4",
	pages = "243--273",
	volume = "226",
	year = "1996"
}

@article{spinchains:lindblad,
	author = "Clark, S. and Prior, J. and Hartmann, M.J. and Jaksch, D. and Plenio, M.B.",
	journal = "New J. Phys",
	pages = "025005",
	volume = "12",
	year = "2010"
}

@article{meso,
	author = "Arrachea, L. and Cugliandolo, L.F.",
	journal = "Europhys. Lett.",
	pages = "642",
	volume = "70",
	year = "2005"
}

@book{annealing,
	booktitle = "{Lecture Note in Physics}",
	editor = "Das, A. and Chakrabarti, B.K.",
	publisher = "Springer-Verlag, Heidelberg",
	title = "{Quantum Annealing and Related Optimization Methods}",
	year = "2005"
}

